@ARTICLE{inpop,
       author = {{Fienga}, A. and {Avdellidou}, C. and {Hanu{\v{s}}}, J.},
        title = "{Asteroid masses obtained with INPOP planetary ephemerides}",
      journal = {\mnras},
     keywords = {celestial mechanics, ephemerides, minor planets, asteroids: general},
         year = 2020,
        month = feb,
       volume = {492},
       number = {1},
        pages = {589-602},
          doi = {10.1093/mnras/stz3407},
       adsurl = {https://ui.adsabs.harvard.edu/abs/2020MNRAS.492..589F},
      adsnote = {Provided by the SAO/NASA Astrophysics Data System}
}

@ARTICLE{de440,
       author = {{Park}, Ryan S. and {Folkner}, William M. and {Williams}, James G. and {Boggs}, Dale H.},
        title = "{The JPL Planetary and Lunar Ephemerides DE440 and DE441}",
      journal = {\aj},
     keywords = {Celestial mechanics, Orbital motion, Orbits, Solar system planets, Solar system, The Sun, The Moon, Earth-moon system, Solar system astronomy, Inner planets, Outer planets, Pluto, 211, 1179, 1184, 1260, 1528, 1693, 1692, 436, 1529, 1267},
         year = 2021,
        month = mar,
       volume = {161},
       number = {3},
          eid = {105},
        pages = {105},
          doi = {10.3847/1538-3881/abd414},
       adsurl = {https://ui.adsabs.harvard.edu/abs/2021AJ....161..105P},
      adsnote = {Provided by the SAO/NASA Astrophysics Data System}
}

@ARTICLE{pitjeva,
       author = {{Pitjeva}, E.~V. and {Pitjev}, N.~P.},
        title = "{Masses of the Main Asteroid Belt and the Kuiper Belt from the Motions of Planets and Spacecraft}",
      journal = {Astronomy Letters},
     keywords = {Solar system, main asteroid belt, trans-Neptunian objects, Kuiper belt, planetary ephemerides, Astrophysics - Earth and Planetary Astrophysics},
         year = 2018,
        month = aug,
       volume = {44},
       number = {8-9},
        pages = {554-566},
          doi = {10.1134/S1063773718090050},
archivePrefix = {arXiv},
       eprint = {1811.05191},
 primaryClass = {astro-ph.EP},
       adsurl = {https://ui.adsabs.harvard.edu/abs/2018AstL...44..554P},
      adsnote = {Provided by the SAO/NASA Astrophysics Data System}
}

@ARTICLE{Hertz,
       author = {{Hertz}, H.~G.},
        title = "{The Mass of Vesta}",
      journal = {\iaucirc},
         year = 1966,
        month = dec,
       volume = {1983},
        pages = {3},
       adsurl = {https://ui.adsabs.harvard.edu/abs/1966IAUC.1983....3H},
      adsnote = {Provided by the SAO/NASA Astrophysics Data System}
}

@ARTICLE{Zielenbach,
       author = {{Zielenbach}, William},
        title = "{Mass Determination Studies of 104 Large Asteroids}",
      journal = {\aj},
     keywords = {minor planets, asteroids: general},
         year = 2011,
        month = oct,
       volume = {142},
       number = {4},
          eid = {120},
        pages = {120},
          doi = {10.1088/0004-6256/142/4/120},
       adsurl = {https://ui.adsabs.harvard.edu/abs/2011AJ....142..120Z},
      adsnote = {Provided by the SAO/NASA Astrophysics Data System}
}

@ARTICLE{willow,
       author = {{Fortino}, W.~F. and {Bernstein}, G.~M. and {Bernardinelli}, P.~H. and {Aguena}, M. and {Allam}, S. and {Annis}, J. and {Bacon}, D. and {Bechtol}, K. and {Bhargava}, S. and {Brooks}, D. and {Burke}, D.~L. and {Carretero}, J. and {Choi}, A. and {Costanzi}, M. and {Costa}, L.~N. da and {Pereira}, M.~E.~S. and {De Vicente}, J. and {Desai}, S. and {Doel}, P. and {Drlica-Wagner}, A. and {Eckert}, K. and {Eifler}, T.~F. and {Evrard}, A.~E. and {Ferrero}, I. and {Frieman}, J. and {Garc{\'\i}a-Bellido}, J. and {Gazta{\~n}aga}, E. and {Gerdes}, D.~W. and {Gruendl}, R.~A. and {Gschwend}, J. and {Gutierrez}, G. and {Hartley}, W.~G. and {Hinton}, S.~R. and {Hollowood}, D.~L. and {Honscheid}, K. and {James}, D.~J. and {Jarvis}, M. and {Kent}, S. and {Kuehn}, K. and {Kuropatkin}, N. and {Maia}, M.~A.~G. and {Marshall}, J.~L. and {Menanteau}, F. and {Miquel}, R. and {Morgan}, R. and {Myles}, J. and {Ogando}, R.~L.~C. and {Palmese}, A. and {Paz-Chinch{\'o}n}, F. and {Plazas}, A.~A. and {Roodman}, A. and {Rykoff}, E.~S. and {Sanchez}, E. and {Santiago}, B. and {Scarpine}, V. and {Schubnell}, M. and {Serrano}, S. and {Sevilla-Noarbe}, I. and {Smith}, M. and {Suchyta}, E. and {Tarle}, G. and {To}, C. and {Tucker}, D.~L. and {Varga}, T.~N. and {Walker}, A.~R. and {Weller}, J. and {Wester}, W. and {DES Collaboration}},
        title = "{Reducing Ground-based Astrometric Errors with Gaia and Gaussian Processes}",
      journal = {\aj},
     keywords = {Astrometry, Sky noise, Astronomy data analysis, 80, 1463, 1858, Astrophysics - Instrumentation and Methods for Astrophysics},
         year = 2021,
        month = sep,
       volume = {162},
       number = {3},
          eid = {106},
        pages = {106},
          doi = {10.3847/1538-3881/ac0722},
archivePrefix = {arXiv},
       eprint = {2010.13742},
 primaryClass = {astro-ph.IM},
       adsurl = {https://ui.adsabs.harvard.edu/abs/2021AJ....162..106F},
      adsnote = {Provided by the SAO/NASA Astrophysics Data System}
}

@ARTICLE{lsstbook,
       author = {{LSST Science Collaboration} and {Abell}, Paul A. and {Allison}, Julius and {Anderson}, Scott F. and {Andrew}, John R. and {Angel}, J. Roger P. and {Armus}, Lee and {Arnett}, David and {Asztalos}, S.~J. and {Axelrod}, Tim S. and {Bailey}, Stephen and {Ballantyne}, D.~R. and {Bankert}, Justin R. and {Barkhouse}, Wayne A. and {Barr}, Jeffrey D. and {Barrientos}, L. Felipe and {Barth}, Aaron J. and {Bartlett}, James G. and {Becker}, Andrew C. and {Becla}, Jacek and {Beers}, Timothy C. and {Bernstein}, Joseph P. and {Biswas}, Rahul and {Blanton}, Michael R. and {Bloom}, Joshua S. and {Bochanski}, John J. and {Boeshaar}, Pat and {Borne}, Kirk D. and {Bradac}, Marusa and {Brandt}, W.~N. and {Bridge}, Carrie R. and {Brown}, Michael E. and {Brunner}, Robert J. and {Bullock}, James S. and {Burgasser}, Adam J. and {Burge}, James H. and {Burke}, David L. and {Cargile}, Phillip A. and {Chandrasekharan}, Srinivasan and {Chartas}, George and {Chesley}, Steven R. and {Chu}, You-Hua and {Cinabro}, David and {Claire}, Mark W. and {Claver}, Charles F. and {Clowe}, Douglas and {Connolly}, A.~J. and {Cook}, Kem H. and {Cooke}, Jeff and {Cooray}, Asantha and {Covey}, Kevin R. and {Culliton}, Christopher S. and {de Jong}, Roelof and {de Vries}, Willem H. and {Debattista}, Victor P. and {Delgado}, Francisco and {Dell'Antonio}, Ian P. and {Dhital}, Saurav and {Di Stefano}, Rosanne and {Dickinson}, Mark and {Dilday}, Benjamin and {Djorgovski}, S.~G. and {Dobler}, Gregory and {Donalek}, Ciro and {Dubois-Felsmann}, Gregory and {Durech}, Josef and {Eliasdottir}, Ardis and {Eracleous}, Michael and {Eyer}, Laurent and {Falco}, Emilio E. and {Fan}, Xiaohui and {Fassnacht}, Christopher D. and {Ferguson}, Harry C. and {Fernandez}, Yanga R. and {Fields}, Brian D. and {Finkbeiner}, Douglas and {Figueroa}, Eduardo E. and {Fox}, Derek B. and {Francke}, Harold and {Frank}, James S. and {Frieman}, Josh and {Fromenteau}, Sebastien and {Furqan}, Muhammad and {Galaz}, Gaspar and {Gal-Yam}, A. and {Garnavich}, Peter and {Gawiser}, Eric and {Geary}, John and {Gee}, Perry and {Gibson}, Robert R. and {Gilmore}, Kirk and {Grace}, Emily A. and {Green}, Richard F. and {Gressler}, William J. and {Grillmair}, Carl J. and {Habib}, Salman and {Haggerty}, J.~S. and {Hamuy}, Mario and {Harris}, Alan W. and {Hawley}, Suzanne L. and {Heavens}, Alan F. and {Hebb}, Leslie and {Henry}, Todd J. and {Hileman}, Edward and {Hilton}, Eric J. and {Hoadley}, Keri and {Holberg}, J.~B. and {Holman}, Matt J. and {Howell}, Steve B. and {Infante}, Leopoldo and {Ivezic}, Zeljko and {Jacoby}, Suzanne H. and {Jain}, Bhuvnesh and {R} and {Jedicke} and {Jee}, M. James and {Garrett Jernigan}, J. and {Jha}, Saurabh W. and {Johnston}, Kathryn V. and {Jones}, R. Lynne and {Juric}, Mario and {Kaasalainen}, Mikko and {Styliani} and {Kafka} and {Kahn}, Steven M. and {Kaib}, Nathan A. and {Kalirai}, Jason and {Kantor}, Jeff and {Kasliwal}, Mansi M. and {Keeton}, Charles R. and {Kessler}, Richard and {Knezevic}, Zoran and {Kowalski}, Adam and {Krabbendam}, Victor L. and {Krughoff}, K. Simon and {Kulkarni}, Shrinivas and {Kuhlman}, Stephen and {Lacy}, Mark and {Lepine}, Sebastien and {Liang}, Ming and {Lien}, Amy and {Lira}, Paulina and {Long}, Knox S. and {Lorenz}, Suzanne and {Lotz}, Jennifer M. and {Lupton}, R.~H. and {Lutz}, Julie and {Macri}, Lucas M. and {Mahabal}, Ashish A. and {Mandelbaum}, Rachel and {Marshall}, Phil and {May}, Morgan and {McGehee}, Peregrine M. and {Meadows}, Brian T. and {Meert}, Alan and {Milani}, Andrea and {Miller}, Christopher J. and {Miller}, Michelle and {Mills}, David and {Minniti}, Dante and {Monet}, David and {Mukadam}, Anjum S. and {Nakar}, Ehud and {Neill}, Douglas R. and {Newman}, Jeffrey A. and {Nikolaev}, Sergei and {Nordby}, Martin and {O'Connor}, Paul and {Oguri}, Masamune and {Oliver}, John and {Olivier}, Scot S. and {Olsen}, Julia K. and {Olsen}, Knut and {Olszewski}, Edward W. and {Oluseyi}, Hakeem and {Padilla}, Nelson D. and {Parker}, Alex and {Pepper}, Joshua and {Peterson}, John R. and {Petry}, Catherine and {Pinto}, Philip A. and {Pizagno}, James L. and {Popescu}, Bogdan and {Prsa}, Andrej and {Radcka}, Veljko and {Raddick}, M. Jordan and {Rasmussen}, Andrew and {Rau}, Arne and {Rho}, Jeonghee and {Rhoads}, James E. and {Richards}, Gordon T. and {Ridgway}, Stephen T. and {Robertson}, Brant E. and {Roskar}, Rok and {Saha}, Abhijit and {Sarajedini}, Ata and {Scannapieco}, Evan and {Schalk}, Terry and {Schindler}, Rafe and {Schmidt}, Samuel},
        title = "{LSST Science Book, Version 2.0}",
      journal = {arXiv e-prints},
     keywords = {Astrophysics - Instrumentation and Methods for Astrophysics, Astrophysics - Cosmology and Extragalactic Astrophysics, Astrophysics - Earth and Planetary Astrophysics, Astrophysics - Galaxy Astrophysics, Astrophysics - Solar and Stellar Astrophysics},
         year = 2009,
        month = dec,
          eid = {arXiv:0912.0201},
        pages = {arXiv:0912.0201},
          doi = {10.48550/arXiv.0912.0201},
archivePrefix = {arXiv},
       eprint = {0912.0201},
 primaryClass = {astro-ph.IM},
       adsurl = {https://ui.adsabs.harvard.edu/abs/2009arXiv0912.0201L},
      adsnote = {Provided by the SAO/NASA Astrophysics Data System}
}

@ARTICLE{baer2011,
       author = {{Baer}, James and {Chesley}, Steven R. and {Matson}, Robert D.},
        title = "{Astrometric Masses of 26 Asteroids and Observations on Asteroid Porosity}",
      journal = {\aj},
     keywords = {astrometry, celestial mechanics, minor planets, asteroids: general},
         year = 2011,
        month = may,
       volume = {141},
       number = {5},
          eid = {143},
        pages = {143},
          doi = {10.1088/0004-6256/141/5/143},
       adsurl = {https://ui.adsabs.harvard.edu/abs/2011AJ....141..143B},
      adsnote = {Provided by the SAO/NASA Astrophysics Data System}
}

@INCOLLECTION{hilton,
       author = {{Hilton}, J.~L.},
        title = "{Asteroid Masses and Densities}",
    booktitle = {Asteroids III},
         year = 2002,
       editor = {{Bottke}, Jr., W.~F. and {Cellino}, A. and {Paolicchi}, P. and {Binzel}, R.~P.},
        pages = {103-112},
       adsurl = {https://ui.adsabs.harvard.edu/abs/2002aste.book..103H},
      adsnote = {Provided by the SAO/NASA Astrophysics Data System}
}


@ARTICLE{gaiass3,
       author = {{Gaia Collaboration} and {Spoto}, F. and {Tanga}, P. and {Mignard}, F. and {Berthier}, J. and {Carry}, B. and {Cellino}, A. and {Dell'Oro}, A. and {Hestroffer}, D. and {Muinonen}, K. and {Pauwels}, T. and {Petit}, J. -M. and {David}, P. and {De Angeli}, F. and {Delbo}, M. and {Fr{\'e}zouls}, B. and {Galluccio}, L. and {Granvik}, M. and {Guiraud}, J. and {Hern{\'a}ndez}, J. and {Ord{\'e}novic}, C. and {Portell}, J. and {Poujoulet}, E. and {Thuillot}, W. and {Walmsley}, G. and {Brown}, A.~G.~A. and {Vallenari}, A. and {Prusti}, T. and {de Bruijne}, J.~H.~J. and {Babusiaux}, C. and {Bailer-Jones}, C.~A.~L. and {Biermann}, M. and {Evans}, D.~W. and {Eyer}, L. and {Jansen}, F. and {Jordi}, C. and {Klioner}, S.~A. and {Lammers}, U. and {Lindegren}, L. and {Luri}, X. and {Panem}, C. and {Pourbaix}, D. and {Randich}, S. and {Sartoretti}, P. and {Siddiqui}, H.~I. and {Soubiran}, C. and {van Leeuwen}, F. and {Walton}, N.~A. and {Arenou}, F. and {Bastian}, U. and {Cropper}, M. and {Drimmel}, R. and {Katz}, D. and {Lattanzi}, M.~G. and {Bakker}, J. and {Cacciari}, C. and {Casta{\~n}eda}, J. and {Chaoul}, L. and {Cheek}, N. and {Fabricius}, C. and {Guerra}, R. and {Holl}, B. and {Masana}, E. and {Messineo}, R. and {Mowlavi}, N. and {Nienartowicz}, K. and {Panuzzo}, P. and {Riello}, M. and {Seabroke}, G.~M. and {Th{\'e}venin}, F. and {Gracia-Abril}, G. and {Comoretto}, G. and {Garcia-Reinaldos}, M. and {Teyssier}, D. and {Altmann}, M. and {Andrae}, R. and {Audard}, M. and {Bellas-Velidis}, I. and {Benson}, K. and {Blomme}, R. and {Burgess}, P. and {Busso}, G. and {Clementini}, G. and {Clotet}, M. and {Creevey}, O. and {Davidson}, M. and {De Ridder}, J. and {Delchambre}, L. and {Ducourant}, C. and {Fern{\'a}ndez-Hern{\'a}ndez}, J. and {Fouesneau}, M. and {Fr{\'e}mat}, Y. and {Garc{\'\i}a-Torres}, M. and {Gonz{\'a}lez-N{\'u}{\~n}ez}, J. and {Gonz{\'a}lez-Vidal}, J.~J. and {Gosset}, E. and {Guy}, L.~P. and {Halbwachs}, J. -L. and {Hambly}, N.~C. and {Harrison}, D.~L. and {Hodgkin}, S.~T. and {Hutton}, A. and {Jasniewicz}, G. and {Jean-Antoine-Piccolo}, A. and {Jordan}, S. and {Korn}, A.~J. and {Krone-Martins}, A. and {Lanzafame}, A.~C. and {Lebzelter}, T. and {L{\"o}}, W. and {Manteiga}, M. and {Marrese}, P.~M. and {Mart{\'\i}n-Fleitas}, J.~M. and {Moitinho}, A. and {Mora}, A. and {Osinde}, J. and {Pancino}, E. and {Recio-Blanco}, A. and {Richards}, P.~J. and {Rimoldini}, L. and {Robin}, A.~C. and {Sarro}, L.~M. and {Siopis}, C. and {Smith}, M. and {Sozzetti}, A. and {S{\"u}veges}, M. and {Torra}, J. and {van Reeven}, W. and {Abbas}, U. and {Abreu Aramburu}, A. and {Accart}, S. and {Aerts}, C. and {Altavilla}, G. and {{\'A}lvarez}, M.~A. and {Alvarez}, R. and {Alves}, J. and {Anderson}, R.~I. and {Andrei}, A.~H. and {Anglada Varela}, E. and {Antiche}, E. and {Antoja}, T. and {Arcay}, B. and {Astraatmadja}, T.~L. and {Bach}, N. and {Baker}, S.~G. and {Balaguer-N{\'u}{\~n}ez}, L. and {Balm}, P. and {Barache}, C. and {Barata}, C. and {Barbato}, D. and {Barblan}, F. and {Barklem}, P.~S. and {Barrado}, D. and {Barros}, M. and {Barstow}, M.~A. and {Bartholom{\'e} Mu{\~n}oz}, L. and {Bassilana}, J. -L. and {Becciani}, U. and {Bellazzini}, M. and {Berihuete}, A. and {Bertone}, S. and {Bianchi}, L. and {Bienaym{\'e}}, O. and {Blanco-Cuaresma}, S. and {Boch}, T. and {Boeche}, C. and {Bombrun}, A. and {Borrachero}, R. and {Bossini}, D. and {Bouquillon}, S. and {Bourda}, G. and {Bragaglia}, A. and {Bramante}, L. and {Breddels}, M.~A. and {Bressan}, A. and {Brouillet}, N. and {Br{\"u}semeister}, T. and {Brugaletta}, E. and {Bucciarelli}, B. and {Burlacu}, A. and {Busonero}, D. and {Butkevich}, A.~G. and {Buzzi}, R. and {Caffau}, E. and {Cancelliere}, R. and {Cannizzaro}, G. and {Cantat-Gaudin}, T. and {Carballo}, R. and {Carlucci}, T. and {Carrasco}, J.~M. and {Casamiquela}, L. and {Castellani}, M. and {Castro-Ginard}, A. and {Charlot}, P. and {Chemin}, L. and {Chiavassa}, A. and {Cocozza}, G. and {Costigan}, G. and {Cowell}, S. and {Crifo}, F.},
        title = "{Gaia Data Release 2. Observations of solar system objects}",
      journal = {\aap},
     keywords = {astrometry, minor planets, asteroids: general, methods: data analysis, space vehicles: instruments, Astrophysics - Earth and Planetary Astrophysics, Astrophysics - Instrumentation and Methods for Astrophysics},
         year = 2018,
        month = aug,
       volume = {616},
          eid = {A13},
        pages = {A13},
          doi = {10.1051/0004-6361/201832900},
archivePrefix = {arXiv},
       eprint = {1804.09379},
 primaryClass = {astro-ph.EP},
       adsurl = {https://ui.adsabs.harvard.edu/abs/2018A&A...616A..13G},
      adsnote = {Provided by the SAO/NASA Astrophysics Data System}
}


@ARTICLE{Zach,
       author = {{Murray}, Zachary},
        title = "{The Challenge of Measuring Asteroid Masses with Gaia DR2 Astrometry}",
      journal = {\psj},
     keywords = {Asteroid dynamics, Asteroids, Main belt asteroids, 2210, 72, 2036, Astrophysics - Earth and Planetary Astrophysics},
         year = 2023,
        month = dec,
       volume = {4},
       number = {12},
          eid = {239},
        pages = {239},
          doi = {10.3847/PSJ/ad0be5},
archivePrefix = {arXiv},
       eprint = {2312.11642},
 primaryClass = {astro-ph.EP},
       adsurl = {https://ui.adsabs.harvard.edu/abs/2023PSJ.....4..239M},
      adsnote = {Provided by the SAO/NASA Astrophysics Data System}
}

@ARTICLE{trojans,
       author = {{Gomes}, Daniel C.~H. and {Murray}, Zachary and {Gomes}, Rafael C.~H. and {Holman}, Matthew J. and {Bernstein}, Gary M.},
        title = "{Can the Gravitational Effect of Planet X be Detected in Current-era Tracking of the Known Major and Minor Planets?}",
      journal = {\psj},
     keywords = {Planetary dynamics, Fisher's Information, Kuiper belt, Trans-Neptunian objects, Astrometry, Gravitation, 2173, 1922, 893, 1705, 80, 661, Astrophysics - Earth and Planetary Astrophysics, Astrophysics - Instrumentation and Methods for Astrophysics},
         year = 2023,
        month = apr,
       volume = {4},
       number = {4},
          eid = {66},
        pages = {66},
          doi = {10.3847/PSJ/acc7a2},
archivePrefix = {arXiv},
       eprint = {2212.09594},
 primaryClass = {astro-ph.EP},
       adsurl = {https://ui.adsabs.harvard.edu/abs/2023PSJ.....4...66G},
      adsnote = {Provided by the SAO/NASA Astrophysics Data System}
}




